<?xml version="1.0" encoding="UTF-8"?><collection xmlns="http://www.loc.gov/MARC21/slim"><record><leader>00463nam--2200157-i-4500</leader><controlfield tag="001">000037119</controlfield><controlfield tag="002">20161230</controlfield><controlfield tag="005">20161230201041</controlfield><controlfield tag="008">060222s1000------------r-----000-0-eng-d</controlfield><datafield ind1=" " ind2=" " tag="080"><subfield code="a">517.91(075.8)</subfield></datafield><datafield ind1=" " ind2=" " tag="100"><subfield code="a">Rus,Ioan A. s.a</subfield></datafield><datafield ind1=" " ind2=" " tag="245"><subfield code="a">Probleme de ecuatii diferentiale si cu derivate partiale</subfield></datafield><datafield ind1=" " ind2=" " tag="260"><subfield code="a">Bucuresti, Ed.Didact.Si Pedag., 1982, 189p</subfield></datafield><datafield ind1=" " ind2=" " tag="700"><subfield code="a">Rus, Ioan A., Micula, Gheorghe /S.A.</subfield></datafield><datafield ind1=" " ind2=" " tag="852"><subfield code="a">70396</subfield><subfield code="c">517.9</subfield></datafield><datafield ind1=" " ind2=" " tag="CAT"><subfield code="a">Sys</subfield><subfield code="c">20090408</subfield><subfield code="h">120656</subfield></datafield></record></collection>